
@manual{lab,
  author    = {Кулябов, Д. С. and Королькова, А. В. and Геворкян, М. Н.},
  title     = {Practical scientific writing},
  year      = {2025},
  publisher = {RUDN University},
  address   = {Москва},
  URL = {https://esystem.rudn.ru/pluginfile.php/2862317/mod_folder/content/0/Practical-scientific-writing.pdf},
  note      = {Учебное пособие}
}