
@Online{lab8,
  Institution = {RUDN},
  Title = {{Кулябов Д. С. Лабораторная работа №8. Задача на собственные значения}},
  URL = {https://esystem.rudn.ru/pluginfile.php/2372912/mod_resource/content/2/README.pdf},
  Year = 2024,
}