
@Online{lab2,
  Institution = {RUDN},
  Title = {{Кулябов Д. С. Лабораторная работа № 3. Markdown}},
  URL = {https://esystem.rudn.ru/pluginfile.php/2372900/mod_resource/content/4/003-lab_markdown.pdf},
  Year = 2024,
}
