
@Online{lab3,
  Institution = {RUDN},
  Title = {{Кулябов Д. С. Лабораторная работа №3. Введение в работу с Octave}},
  URL = {https://esystem.rudn.ru/pluginfile.php/2372902/mod_resource/content/3/003-octave-intro.pdf},
  Year = 2024,
}

@Online{doc,
  Title = {{Документация GNU Octave}},
  URL = {https://www.gnu.org/software/octave/doc/interpreter/},
  Year = 2024,
}