
@Online{lab1,
  Institution = {RUDN},
  Title = {{Кулябов Д. С. Лабораторная работа № 2. Управление версиями}},
  URL = {https://esystem.rudn.ru/pluginfile.php/2372898/mod_resource/content/5/002-lab_vcs.pdf},
  Year = 2024,
}
