
@Online{lab7,
  Institution = {RUDN},
  Title = {{Кулябов Д. С. Лабораторная работа №7. Графики}},
  URL = {https://esystem.rudn.ru/pluginfile.php/2372910/mod_resource/content/2/README.pdf},
  Year = 2024,
}